@misc{LagrangePowerpoint,
  author = {Gary, Dale E.},
  institution = {New Jersey's Science & Technology University},
  howpublished = {University Lecture},
  year = {2010},
  title = {Physics 430: Lecture 15 {L}agrange's Equations}
}

@misc{NonholonomicPowerpoint,
  author = {Oriolo, Giuseppe},
  institution = {Universita di Roma "La Sapienza"},
  howpublished = {University Lecture},
  title = {Control of Nonholonomic Systems}
}

@misc{EulerAnglesPowerpoint,
  author = {D. Lawrence, P.Axelrad},
  institution = {University of Colorado},
  howpublished = {University Lecture},
  title = {{E}uler Angles}
}

@misc{LagrangeEquations,
  author = {Blair},
  institution = {Massachusetts Institute of Technology},
  howpublished = {University Lecture},
  year = {2003},
  title = {{L}agrange's Equations}
}

@inproceedings{CasterboardRobot,
	title = {Modeling and control of casterboard robot},
	author = {Kinugasa, Kazuki and Ishikawa, Masato and Sugimoto, Yasuhiro and Osuka, Koichi},
    year = 2013,
    month = {September},
    day = 4,
    volume = 46,
    issue = 23,
    booktitle = "{IFAC} Proceedings Volumes",
    pages = "785-790"
}

@inproceedings{BikeModel,
	author =      "Frosali, Giovanni and Ricci,Francesco",
    title =       "\textrm{A nonlinear mathematical model for a bicycle}",
    institution = "Universita di Firenze",
    year = 2009,
    booktitle = {XIX Congresso AIMETA},
    location = Ancona,
    pages = "1-10"
}

@inproceedings{BikeControl,
	title = {Modelling, Control System Design and Simulation of an Autonomous Bicycle},
    author = {Argin, Omer Faruk and Bayraktaroglu, Zeki Yagiz},
    institution = {Istanbul Technical University},
    booktitle = {Proceedings of the IASTED International ConferenceModelling, Identification and Control},
    year = 2014,
    month = february,
    day = "17-19",
    pages = "62-68"
}

 @techreport{Radio,
	author =      "Ossmann, Michael",
    title =       "\textrm{Rapid Radio Reversing}",
    institution = "Great Scott Gadgets"
    }

@electronic{Wolfram,
	author = "Wolfram Alpha",
    title = "\textrm{Wolfram Language \& System Mathematical Functions}",
    url = "{http://reference.wolfram.com/language/guide/MathematicalFunctions.html}"
}

@article{Graphene,
    author =       " Kim, Haegyeom and Park, Kyu-Young and Hong, Jihyun and  Kang, Kisuk",
    title =        "\textrm{All-graphene-battery: bridging the gap between super capacitors and lithium ion batteries }",
    journal =      "Nature Research",
    volume =       "4",
    number =       "5278",
    year =         "2014",
    url = "http://www.nature.com/articles/srep05278#menu",
    }

@article{Injury,
    author =       " Lustenberger, Thomas and Talving, Peep and Barmparas, Galinos and Schnuriger, Beat and Lam, Lydia and Inaba,  Kenji and Demtriades, Demetrios",
    title =        "\textrm{Skateboard-Related Injuries: Not to be taken Lightly. A National Trauma Databank Analysis }",
    journal =      "The Journal of TRAUMA",
    volume =       "69",
    number =       "4",
    year =         "2010",
    }
    
@article{cybersecurity,
	author = {von Solms, Rossouw and van Niekerk, Johan},
    title = "From information security to cyber security",
    journal = "Computers \& Security",
    volume = 38,
    year = 2013,
    pages = "97-102"
}

@article{TOLaws,
	author = {Nicol, Chantale and Mackenzie, Bill},
    journal = "Toronto Star",
    year = 2008,
    month = "May",
    day = 21,
    pages = 10,
    title = "When is a skater not above board?; It's just as illegal in {T}oronto as in {F}redericton to skateboard on city streets, yet it's a rule few riders here know about and rarely see enforced"
}

@article{OCLaws,
	author = {Oppenheimer, Tracy},
    year = "2014",
    month = "August",
    day = 15,
    journal = "The Orange County Register",
    title = "{C}alifornia's electric skateboard ban"
}

@article{WSJLaws,
	author = {Wells, Georgia},
    title = "Electric Skateboards Legalized in {C}alifornia, Reversing Ban",
    year = "2015",
    month = "October",
    day = "12",
    journal = "Wall Street Journal"
}

@electronic{leetboard,
	author = {Ramos,Matthew},
    title = {HOVERBOARD LAWS IN {C}ANADA AND {USA}},
    year = 2016,
    month = "February",
    day = 22,
    publishedin = "Website"
}

@electronic{CBCArticle,
	author = {CBC News},
    title = {Half a million hoverboards recalled in {U.S.} over fire risk},
    year = 2016,
    month = "July",
    day = 06,
    publishedin = "Website"
}

@article{harvard,
	author = {Walter Kille, Leighton},
    year = 2013,
    month = "January",
    day = 15,
    Journal = "Harvard Kennedy School Journalist's Resource"
}

@electronic{EPA,
	author = "US Environmental Protection Agency",
    title = "\textrm{Greenhouse Gas Emissions from a Typical Passenger Vehicle}",
    year={2016},
    url = "{https://www.epa.gov/greenvehicles/greenhouse-gas-emissions-typical-passenger-vehicle-0}"
    
}

@electronic{Skateboarding,
	author = "Matt Higgins",
    title = "\textrm{Skateboarding: Sponsors sign tots}",
    year={2007},
    url = "{http://www.nytimes.com/2007/07/16/sports/16iht-BOARDS.1.6673226.html?_r=2}"   
}

@unpublished{DEFCON,
title= {Hacking electric skateboards: vehicle research for mortals},
author = {Richo Healey and Mike Ryan},
year = {2015},
note= {DEF CON},
}

@article{emerging1,
	author = {Murphy, Samantha},
    year = {2013},
    title = {Zip Around Your City on an Electric Skateboard}
}

@misc{emerging2,
	author = {Good Design Awards},
    title = {Evolve Skateboards Carbon Series}
}

@inproceedings{emerging3,
	author = {Ryan Evans},
    booktitle = {{TiEcon} Entrepreneurship Conference},
    title = {Inboard Technology Presentation},
	year = {2016}
}

@manual{threejs,
	title = {Three.js Official Documentation},
    year = {2016}
}

@misc{directionCasterPatent,
	author = {Gang, Singi},
    title = {Skateboard with direction-caster},
    year = {2003},
    month = {April},
    day = {30},
    howpublished = {Patent}
}

@misc{casterboardPatent,
	author = {Othman, Muhammad Imran Bin},
    title = {Casterboard},
    year = {2011},
    month = {January},
    day = {14},
    howpublished = {Patent}
}

@article{Plastic,
    author = "Rochman, Chelsea M. and Browne, Mark Anthony and Halpern, Benjamin S.",
    title =        "\textrm{Classify plastic waste as hazardous }",
    journal =      "Nature Research",
    volume =       "494",
    pages =       "169-171",
    year =         "2013",
    url = "http://www.nature.com/articles/srep05278#menu",
    }

@article{PlasticAssessment,
	author = {Pun, Kit-Fai and Hui, Ip-Kee and G. Lewis, Winston and Lau, Henry C.W.},
    title = "A multiple-criteria environmental impact assessment for the plastic injection molding process: a methodology",
    volume = 11,
    journal = "Journal of Cleaner Production",
    year = "2003",
    pages = "41-49"
}

@online{wiredArticle,
	author = {Zetter, Kim},
    title = "Hackers Can Seize Control of Electric Skateboards and Toss Riders",
    year = 2015,
    month = "August",
    url = "https://www.wired.com/2015/08/hackers-can-seize-control-of-electric-skateboards-and-toss-riders-boosted-revo/"
}

@misc{electricSkateboardPatent,
	author = {King, Aaron M.},
    title = {Electric Skateboard},
    Year = "2016",
    Month = "July",
    Day = "12",
    howpublished = "Patent"
}

@book{Lewis,
        Address = {New York},
        Author = {Lewis, Andrew D. and Bullo, Francesco},
        Date-Published = {2004-11-04},
        Publisher = {Springer},
        Title = {Geometric Control of Mechanical Systems},
        Year = {2004}}

@article{BatteryRecharge,
    author = "Kang, Daniel Hsing Po and Chen, Mengjun and Ogunseitan, Oladele A.",
    title =        {Potential Environmental and Human Health Impacts of Rechargable Lithium Batteries in Electronic Waste },
    journal =      "Environmental Science and Technology",
    volume =       "47",
    pages =       "5495-5503",
    year =         "2013",
    url = "http://pubs.acs.org/doi/abs/10.1021/es400614y",
    }

@online{DEFCONsite,
  author = {DEFCON},
  title = {{DEFCON} Official Website},
  year = 2016,
  url = {https://www.defcon.org/},
  urldate = {2016-10-05}
}

@online{PIC,
  author = {Razor {LLC}},
  title = {Razor {R}ipstik caster board},
  year = 2016,
  url = {http://img0041.psstatic.com/99036050_razor-ripstik-caster-board-ripstick-skateboard---pink-.jpg},
  urldate = {2016-10-05}
}

@book{VTOL,
        Address = {London},
        Author = {Abdessameud, A and Tayebi, A},
        Date-Published = {2013-05-13},
        Publisher = {Springer},
        Title = {Motion Coordination for {VTOL} Unmanned Aerial Vehicles Attitude Synchronisation and Formation Control},
        Year = {2013}}