@Book{Lewis,
	author = {Andrew D. Lewis and Francesco Bullo},
	title = {Geometric Control of Mechanical Systems},
	publisher = {Springer},
	year = {2004},
	address = {New York},
}

@misc{LagrangeEquations,
	author = {Blair},
	title = {Lagrange's Equations},
	date = {2003},
	howpublished = {University Lecture},
	organization = {Massachusetts Institute of Technology},
}

@book{VTOL,
	author = {Abdessameud, A and Tayebi, A},
	title = {Motion Coordination for VTOL Unmanned Aerial Vehicles Attitude Synchronisation and Formation Control},
	date = {2013},
	publisher = {Springer},
	location = {London},
}


@misc{LagrangePowerpoint,
	author = {Gary, Dale E.},
	title = {Physics 430: Lecture 15 Lagrange's Equations},
	date = {2010},
	howpublished = {University Lecture},
	organization = {New Jersey's Science & Technology University},
}

@misc{NonholonomicPowerpoint,
	author = {Oriolo, Giuseppe},
	title = {Control of Nonholonomic Systems},
	howpublished = {University Lecture},
	organization = {Universita di Roma "La Sapienza"},
}

@book{ClassicalMechanics,
	author = {W. Greiner},
	title = {Classical Mechanics: Systems of Particles and Hamiltonian Dynamics},
	date = {2010},
	publisher = {Springer},
}

@online{WolframNumeric,
	author = {Wolfram Alpha},
	title = {Numerical Integration},
	url = {http://mathworld.wolfram.com/NumericalIntegration.html},
}

@book{StiffSystem,
	author = {M. Chu},
	title = {Stiff Systems},
	organization = {North Carolina State University},
	chapter = {5},
	pages = {1-8},
}
